% Encoding: UTF-8

@Misc{earlyInvestment,
  author       = {Robert Farrington},
  title        = {Investing for College Students},
  howpublished = {\url{https://thecollegeinvestor.com/8813/investing-college-students/}},
  month        = jul,
  year         = {2017},
}

@Misc{budgetReview,
  author       = {Department of the National Treasury South Africa},
  title        = {2017 Economic review},
  howpublished = {\url{http://www.treasury.gov.za/documents/national%20budget/2017/review/Chapter%202.pdf}},
  month        = mar,
  year         = {2017},
}

@Misc{stanlibReport,
  author       = {STANLIB},
  title        = {South Africa's Economic Output},
  howpublished = {\url{http://www.stanlib.com/ECONOMICFOCUS/Pages/SouthAfricasEconomicOutput.aspx}},
  year         = {2013},
}

@Misc{BAT_hist,
  author       = {Back to the Future:British American Tobacco},
  howpublished = {\url{https://www.moneyweb.co.za/news/companies-and-deals/british-american-tobacco-continues-to-be-a-gre at-investment/}},
  year         = {2017},
}

@Misc{BAT_nextgen,
  author       = {Our next generation products business},
  howpublished = {\url{http://www.bat.com/group/sites/uk__9d9kcy.nsf/vwPagesWebLive/DOA89DQ4}},
  year         = {2017},
}

@Misc{BAT_comp,
  author       = {Can British American Tobacco Beat Philip Morris in E-Cigs?},
  howpublished = {\url{https://www.fool.com/investing/2017/03/10/can-british-american-tobacco-beat-philip-morris-in.aspx}},
  year         = {2017},
}

@Misc{BAT_vap,
  author       = {BAT bets on vaping as tobacco giants battle with new devices},
  howpublished = {\url{http://www.fin24.com/Companies/Agribusiness/bat-bets-on-vaping-as-tobacco-giants-battle-wi th-new-devices-20161202-2}},
  year         = {2017},
}

@Misc{BATSA,
  title        = {Closing prices for British American Tobacco PLC},
  howpublished = {\url{https://www.google.com/finance?q=jse+british+American+tobacco&ei=0KSqWeitHYSLUIn0q4AJ}},
  month        = aug,
  year         = {2017},
}

@Misc{capevin,
  title        = {Closing prices for Capevin Holdings Ltd},
  howpublished = {\url{https://www.google.com/finance?q=jse+capevin&ei=c6WqWen0L5ORUKvzjYAB}},
  month        = aug,
  year         = {2017},
}

@Misc{inbev,
  title        = {Closing prices for Anheuser-Busch InBev SA NV},
  howpublished = {\url{https://www.google.com/finance?q=JSE%3AANH&sq=jse%20inbev&sp=2&ei=8qqqWbjAHMeFUaq8gdAM}},
  month        = aug,
  year         = {2017},
}

@Misc{tigerBrands,
  title        = {Closing prices for Tiger Brands Limited},
  howpublished = {\url{https://www.google.com/finance?q=JSE+tiger+brands&ei=_aqqWYiUMIeSUp7gv5AE}},
  month        = aug,
  year         = {2017},
}

@Misc{top40,
  title        = {JSE Top 40 shares},
  howpublished = {\url{http://www.courtneycapital.co.za/jse-top-40-shares/}},
  month        = sep,
  year         = {2017},
}

@Comment{jabref-meta: databaseType:bibtex;}
